@misc{wiki-humidity_effect,
author = "Wikipedia",
title = "Relative humidity --- {W}ikipedia{,} The Free Encyclopedia",
url = "https://en.wikipedia.org/wiki/Relative_humidity",
urldate = {2017-04-10},
}

@BOOK{daylight2002,
  TITLE = {Daylighting in Schools, Additional Analysis },
  AUTHOR = {Heschong Mahone Group},
  YEAR = {2002},
}
